<?xml version="1.0" encoding="UTF-8"?>
<collection xmlns:xsi="http://www.w3.org/2001/XMLSchema-instance" xsi:schemaLocation="http://www.loc.gov/MARC21/slim http://www.loc.gov/standards/marcxml/schema/MARC21slim.xsd" xmlns="http://www.loc.gov/MARC21/slim">
<record>
  <leader>01619cam a2200337   4500</leader>
  <controlfield tag="001">2982089</controlfield>
  <controlfield tag="003">NNC</controlfield>
  <controlfield tag="005">20140126214937.0</controlfield>
  <controlfield tag="008">891026s1969    iq            ||| | ara  </controlfield>
  <datafield tag="010" ind1=" " ind2=" ">
    <subfield code="a">   78235898 </subfield>
  </datafield>
  <datafield tag="035" ind1=" " ind2=" ">
    <subfield code="a">(OCoLC)20554680</subfield>
  </datafield>
  <datafield tag="035" ind1=" " ind2=" ">
    <subfield code="a">(OCoLC)ocm20554680</subfield>
  </datafield>
  <datafield tag="035" ind1=" " ind2=" ">
    <subfield code="9">ASM9226CU</subfield>
  </datafield>
  <datafield tag="035" ind1=" " ind2=" ">
    <subfield code="a">(NNC)2982089</subfield>
  </datafield>
  <datafield tag="040" ind1=" " ind2=" ">
    <subfield code="a">UkDhU</subfield>
  </datafield>
  <datafield tag="066" ind1=" " ind2=" ">
    <subfield code="c">(3</subfield>
  </datafield>
  <datafield tag="100" ind1="1" ind2=" ">
    <subfield code="6">880-01</subfield>
    <subfield code="a">Ibn al-Waḥīd, Muḥammad ibn Sharīf,</subfield>
    <subfield code="d">1249 or 1250-1311 or 1312.</subfield>
  </datafield>
  <datafield tag="240" ind1="1" ind2="0">
    <subfield code="a">Poems</subfield>
  </datafield>
  <datafield tag="245" ind1="1" ind2="0">
    <subfield code="6">880-02</subfield>
    <subfield code="a">Niṣf al-ʻaysh /</subfield>
    <subfield code="c">li-Sharaf al-Dīn Muḥammad ibn Sharīf al-maʻrūf bi-Ibn al-Waḥīd ; qaddamahā lil-Malik al-Ashraf Khalīl ibn Qalāwūn Sulṭān Miṣr ; taḥqīq wa-taqdīm ʻĀdil al-Bakrī.</subfield>
  </datafield>
  <datafield tag="246" ind1="1" ind2="5">
    <subfield code="a">Nissf al aysh</subfield>
  </datafield>
  <datafield tag="260" ind1=" " ind2=" ">
    <subfield code="6">880-03</subfield>
    <subfield code="a">al-Mawṣil :</subfield>
    <subfield code="b">Maṭbaʻat al-Jumhūrīyah,</subfield>
    <subfield code="c">1969.</subfield>
  </datafield>
  <datafield tag="300" ind1=" " ind2=" ">
    <subfield code="a">89 p. :</subfield>
    <subfield code="b">facsims. ;</subfield>
    <subfield code="c">22 cm.</subfield>
  </datafield>
  <datafield tag="500" ind1=" " ind2=" ">
    <subfield code="a">Added English cover title: Nissf al aysh, by Sharaf ad-Din ibn al-Wahid, edited with an introduction by Adil al-Bakri.</subfield>
  </datafield>
  <datafield tag="504" ind1=" " ind2=" ">
    <subfield code="a">Bibliography: p. 86-88.</subfield>
  </datafield>
  <datafield tag="700" ind1="1" ind2=" ">
    <subfield code="6">880-04</subfield>
    <subfield code="a">Bakrī, ʻĀdil.</subfield>
  </datafield>
  <datafield tag="880" ind1="1" ind2=" ">
    <subfield code="6">100-01/(3/r</subfield>
    <subfield code="a">ابن الوحيد، محمد بن شريف,</subfield>
    <subfield code="d">1249 or 1250-1311 or 1312.</subfield>
  </datafield>
  <datafield tag="880" ind1="1" ind2="0">
    <subfield code="6">245-02/(3/r</subfield>
    <subfield code="a">نصف العيش /</subfield>
    <subfield code="c">لشرف الدين محمد بن شريف المعروف بابن الوحيد ؛ قدمها للملك الاشرف خليل بن قلاوون سلطان مصر ؛ تحقيق وتقديم عادل البكري.</subfield>
  </datafield>
  <datafield tag="880" ind1=" " ind2=" ">
    <subfield code="6">260-03/(3/r</subfield>
    <subfield code="a">الموصل :</subfield>
    <subfield code="b">مطبعة الجمهورية،</subfield>
    <subfield code="c">1969.</subfield>
  </datafield>
  <datafield tag="880" ind1="1" ind2=" ">
    <subfield code="6">700-04/(3/r</subfield>
    <subfield code="a">بكري، عادل.</subfield>
  </datafield>
  <datafield tag="955" ind1=" " ind2=" ">
    <subfield code="b">0036761427</subfield>
    <subfield code="d">glx</subfield>
    <subfield code="e">PJ7760.I17 N5 1969</subfield>
  </datafield>
</record>
</collection>